@book{ofod,
    title={Options, Futures, And Other Derivatives},
    author={John C. Hull},
    volume={8},
    year={2011},
    publisher={Pearson College Div}
},
@article{npfits,
    title={Numerical Procedures for Implementing Term Structure Models {I}: Single-Factor Models},
    author={John Hull, Alan White},
    journal={The Journal of Derivatives},
    year={1994}
},
@article{uhwirt,
    title={Using {H}ull-{W}hite Interest-Rate Trees},
    author={John Hull, Alan White},
    journal={The Journal of Derivatives},
    year={1996}
}